@article{radford2018improving,
  title={Improving language understanding by generative pre-training},
  author={Radford, Alec and Narasimhan, Karthik and Salimans, Tim and Sutskever, Ilya},
  journal={URL https://s3-us-west-2. amazonaws. com/openai-assets/research-covers/language-unsupervised/language\_ understanding\_paper. pdf},
  year={2018}
}
@inproceedings{vaswani2017attention,
  title={Attention is all you need},
  author={Vaswani, Ashish and Shazeer, Noam and Parmar, Niki and Uszkoreit, Jakob and Jones, Llion and Gomez, Aidan N and Kaiser, {\L}ukasz and Polosukhin, Illia},
  booktitle={Advances in Neural Information Processing Systems},
  pages={5998--6008},
  year={2017}
}
@article{devlin2018bert,
  title={Bert: Pre-training of deep bidirectional transformers for language understanding},
  author={Devlin, Jacob and Chang, Ming-Wei and Lee, Kenton and Toutanova, Kristina},
  journal={arXiv preprint arXiv:1810.04805},
  year={2018}
}
@inproceedings{sutskever2014sequence,
  title={Sequence to sequence learning with neural networks},
  author={Sutskever, Ilya and Vinyals, Oriol and Le, Quoc V},
  booktitle={Advances in neural information processing systems},
  pages={3104--3112},
  year={2014}
}
@article{bahdanau2014neural,
  title={Neural machine translation by jointly learning to align and translate},
  author={Bahdanau, Dzmitry and Cho, Kyunghyun and Bengio, Yoshua},
  journal={arXiv preprint arXiv:1409.0473},
  year={2014}
}
@article{cho2014learning,
  title={Learning phrase representations using RNN encoder-decoder for statistical machine translation},
  author={Cho, Kyunghyun and Van Merri{\"e}nboer, Bart and Gulcehre, Caglar and Bahdanau, Dzmitry and Bougares, Fethi and Schwenk, Holger and Bengio, Yoshua},
  journal={arXiv preprint arXiv:1406.1078},
  year={2014}
}
@inproceedings{mikolov2013distributed,
  title={Distributed representations of words and phrases and their compositionality},
  author={Mikolov, Tomas and Sutskever, Ilya and Chen, Kai and Corrado, Greg S and Dean, Jeff},
  booktitle={Advances in neural information processing systems},
  pages={3111--3119},
  year={2013}
}
@article{mikolov2013efficient,
  title={Efficient estimation of word representations in vector space},
  author={Mikolov, Tomas and Chen, Kai and Corrado, Greg and Dean, Jeffrey},
  journal={arXiv preprint arXiv:1301.3781},
  year={2013}
}
@inproceedings{pennington2014glove,
  title={Glove: Global vectors for word representation},
  author={Pennington, Jeffrey and Socher, Richard and Manning, Christopher},
  booktitle={Proceedings of the 2014 conference on empirical methods in natural language processing (EMNLP)},
  pages={1532--1543},
  year={2014}
}
@article{peters2018deep,
  title={Deep contextualized word representations},
  author={Peters, Matthew E and Neumann, Mark and Iyyer, Mohit and Gardner, Matt and Clark, Christopher and Lee, Kenton and Zettlemoyer, Luke},
  journal={arXiv preprint arXiv:1802.05365},
  year={2018}
}
@article{luong2015effective,
  title={Effective approaches to attention-based neural machine translation},
  author={Luong, Minh-Thang and Pham, Hieu and Manning, Christopher D},
  journal={arXiv preprint arXiv:1508.04025},
  year={2015}
}
@article{bengio2003neural,
  title={A neural probabilistic language model},
  author={Bengio, Yoshua and Ducharme, R{\'e}jean and Vincent, Pascal and Jauvin, Christian},
  journal={Journal of machine learning research},
  volume={3},
  number={Feb},
  pages={1137--1155},
  year={2003}
}
@inproceedings{he2016deep,
  title={Deep residual learning for image recognition},
  author={He, Kaiming and Zhang, Xiangyu and Ren, Shaoqing and Sun, Jian},
  booktitle={Proceedings of the IEEE conference on computer vision and pattern recognition},
  pages={770--778},
  year={2016}
}
@article{ba2016layer,
  title={Layer normalization},
  author={Ba, Jimmy Lei and Kiros, Jamie Ryan and Hinton, Geoffrey E},
  journal={arXiv preprint arXiv:1607.06450},
  year={2016}
}
@article{dai2019transformer,
  title={Transformer-XL: Attentive Language Models Beyond a Fixed-Length Context},
  author={Dai, Zihang and Yang, Zhilin and Yang, Yiming and Cohen, William W and Carbonell, Jaime and Le, Quoc V and Salakhutdinov, Ruslan},
  journal={arXiv preprint arXiv:1901.02860},
  year={2019}
}
@article{gehring2017convolutional,
  title={Convolutional sequence to sequence learning},
  author={Gehring, Jonas and Auli, Michael and Grangier, David and Yarats, Denis and Dauphin, Yann N},
  journal={arXiv preprint arXiv:1705.03122},
  year={2017}
}
@article{kalchbrenner2016neural,
  title={Neural machine translation in linear time},
  author={Kalchbrenner, Nal and Espeholt, Lasse and Simonyan, Karen and Oord, Aaron van den and Graves, Alex and Kavukcuoglu, Koray},
  journal={arXiv preprint arXiv:1610.10099},
  year={2016}
}
@article{gehring2016convolutional,
  title={A convolutional encoder model for neural machine translation},
  author={Gehring, Jonas and Auli, Michael and Grangier, David and Dauphin, Yann N},
  journal={arXiv preprint arXiv:1611.02344},
  year={2016}
}
@article{karpathy2015unreasonable,
  title={The unreasonable effectiveness of recurrent neural networks},
  author={Karpathy, Andrej},
  journal={Andrej Karpathy blog},
  year={2015}
}
@article{weng2019generalized,
  title={Generalized Language Models},
  author={Weng, Lilian},
  journal={lilianweng.github.io},
  year={2019}
}
@article{rush2018annotated,
  title={The Annotated Transformer},
  author={Rush, Alexander and Nguyen, Vincent and Klein, Guillaume},
  journal={harvardnlp},
  year={2018}
}
@article{alammar2018illustrated,
  title={The Illustrated BERT, ELMo and co. (How NLP Cracked Transfer Learning)},
  author={Alammar, Jay},
  journal={jalammar.github.io},
  year={2018}
}
  